@article{lerner_kelter2001,
  title={Fear, Anger, and Risk},
  author={Lerner, Jennifer S., and Keltner, Dacher},
  journal={Journal of Personality and Social Psychology},
  volume={81},
  number={1},
  pages={146-159},
  year={2001}
}

@article{lerneretal2003effects,
  title={Effects of Fear and Anger on Perceived Risks of Terrorism: A National Field Experiment},
  author={Lerner, Jennifer S., and Gonzalez, Roxana M., and Small, Deborah A., and Fischhoff, Baruch},
  journal={Psychological Science},
  volume={14},
  number={2},
  pages={144-150},
  year={2003}
}

@article{vbggh,
  title={Election Night's Alright for Fighting: The Role of Emotions in Political Participation},
  author={Valentino, Nicholas A., and Brader, Ted, and Groenendyk, Eric W., and Gregorowicz, Krysha, and Hutchings, Vincent L.},
  year={2011},
  journal={The Journal of Politics},
  voluume={73},
  number={1},
  pages={156-170}
}

@article{valentinoetal2008,
  title={Is a Worried Citizen a Good Citizen? Emotions, Political Information Seeking, and Learning via the Internet},
  author={Valentino, Nicholas A., and Hutchings, Vincent L., and Banks, Antoine J., and Davis, Anne K.},
  journal={Political Psychology},
  volume={29},
  number={2},
  pages={247-273},
  year={2008}
}

@article{webster2017,
  title={Anger and Declining Trust in Government in the American Electorate},
  author={Webster, Steven W.},
  year={2017},
  journal={Political Behavior},
  pages={1-32},
  doi={10.1007/s11109-017-9431-7}
}
